@misc{RMS,
  author = {Travis Goulette and Charles D. Howard and Michael W. Davidson},
  title = {Infinity Optical Systems},
  url = {\url{https://www.microscopyu.com/microscopy-basics/infinity-optical-systems}}
}

@misc{thorlabs,
  author = {{ThorLabs}},
  title = {CS165MU - Zelux® 1.6 MP Monochrome CMOS Camera, 1/4"-20 Taps},
  url = {\url{https://www.thorlabs.com/thorproduct.cfm?partnumber=CS165MU}}
}

@misc{procedurier,
  author = {Jean Provost and Lucien Weiss and Jérémie Villeneuve},
  title = {Mandat 3 - Suivi des particules},
  year = 2024,
  url = {\url{https://moodle.polymtl.ca/mod/resource/view.php?id=659197}}
}

@misc{video,
  author = {{Teledyne Photometrics}},
  title = {MIntroduction to Super-Resolution Localization Microscopy},
  year = 2018,
  url = {\url{https://www.youtube.com/watch?v=8SSr7416I94}}
}

