
@misc{noauthor_thorlabs_2024,
	title = {Thorlabs - {Photonics} {Products} \& {Solutions}},
	url = {https://www.thorlabs.com},
	abstract = {Thorlabs designs and manufactures components, instruments, and systems for the photonics industry. We provide a portfolio of over 22,000 stocked items, complimented by endless custom solutions enabled by vertical integration. Thorlabs is comprised of 22 wholly owned design and manufacturing entities across nine countries with a combined manufacturing footprint of more than one million square feet.},
	language = {en},
	urldate = {2024-11-17},
	journal = {Thorlabs},
	year = {2024},
	file = {Snapshot:/home/emilegp/Zotero/storage/QBGXQ2Z3/www.thorlabs.com.html:text/html},
}

@misc{rouillon_travail_2024,
	title = {Travail préparatoire - {Microscope}},
	author = {Rouillon, Maxime and Guertin-Picard, Émile and Dessureault, Marie-Lou and Beaubois, Philippine},
	year = {2024},
}

@misc{noauthor_thorlabs_2024-1,
	title = {Thorlabs - {CS165MU} {Zelux} 1.6 {MP} {Monochrome} {CMOS} {Camera}, 1/4-20 {Taps}},
	url = {https://www.thorlabs.com/thorproduct.cfm?partnumber=CS165MU},
	abstract = {Thorlabs designs and manufactures components, instruments, and systems for the photonics industry. We provide a portfolio of over 22,000 stocked items, complimented by endless custom solutions enabled by vertical integration. Thorlabs is comprised of 22 wholly owned design and manufacturing entities across nine countries with a combined manufacturing footprint of more than one million square feet.},
	language = {en},
	urldate = {2024-12-06},
	journal = {Thorlabs},
	year = {2024},
	file = {Snapshot:/home/emilegp/Zotero/storage/FKJAUR99/thorproduct.html:text/html},
}

@misc{weiss_mandat_2024,
	title = {Mandat 3 - {Suivi} de particules},
	author = {Weiss, Lucien and Provost, Jean},
	year = {2024},
}

@misc{noauthor_m-tsx-1d_2024,
	title = {M-{TSX}-{1D} {Dovetail} {Linear} {Stage}},
	url = {https://www.newport.com/p/M-TSX-1D},
	urldate = {2024-12-06},
	journal = {Newport},
	year = {2024},
	file = {M-TSX-1D Dovetail Linear Stage:/home/emilegp/Zotero/storage/JSPNF9RF/M-TSX-1D.html:text/html},
}
